@Manual{CiteR,
  title = {R: A Language and Environment for Statistical Computing},
  author = {{R Core Team}},
  organization = {R Foundation for Statistical Computing},
  address = {Vienna, Austria},
  year = {2023},
  url = {https://www.R-project.org/},
}

@Manual{CiteOSC,
  title = {Continuous Disclosure},
  author = {Ontario Securities Commission},
  year = {2024},
  url = {https://www.osc.ca/en/industry/companies/continuous-disclosure},
}

@Article{CiteEisenberg,
  title = {Disclosure in Contract Law},
  author = {Melvin A. Eisenberg}, 
  journal = {California Law Review},
  volume = {91},
  number = {6},
  page = {1645-91},
  year = {2003},
  url = {https://doi.org/10.2307/3481400}
}

@Article{CiteKronman,
  title = {Mistake, Disclosure, Information, and the Law of Contracts},
  author = {Anthony T. Kronman},
  journal = {The Journal of Legal Studies},
  volume = {7},
  number = {1},
  year = {1978},
  url = {https://doi.org/10.1086/467583}
}

@Book{CiteCooter,
  title = {Law and Economics},
  author = {Robert Cooter and Thomas Ulen},
  publisher = {Berkeley Law Books},
  address = {Berkeley, California},
  year = {2016},
  edition = {6th},
  note = {ISBN 978-0-13-254065-0},
  url = {http://www.econ.jku.at/t3/staff/winterebmer/teaching/law_economics/ss19/6th_edition.pdf}
}

@Article{CiteEnron,
  title = {Enron scandal},
  author = {Peter Bondarenko},
  journal = {Encyclopedia Britannica},
  year = {2024},
  url = {https://www.britannica.com/event/Enron-scandal}
}